@ARTICLE{GSP, 
author={Anastassiou, D.}, 
journal={Signal Processing Magazine, IEEE}, title={Genomic signal processing}, 
year={2001}, 
month={jul}, 
volume={18}, 
number={4}, 
pages={8 -20}, 
keywords={Agriculture;Bioinformatics;Biomedical signal processing;DNA;Digital signal processing;Genomics;Organisms;Proteins;Sequences;Signal processing;DNA;Fourier transforms;digital filters;digital simulation;medical signal processing;molecular biophysics;proteins;sequences;DNA;DSP;Fourier transforms;agriculture;alphabet size;biomolecular sequence analysis;biomolecular sequences;character strings;color spectrograms;digital filtering;digital signal processing;genomes sequences;genomic information science;genomic information technology;genomic signal processing;living organisms;local texture;medicine;numerical sequences;phase magnitude;protein coding regions;proteins;simulations;}, 
doi={10.1109/79.939833}, 
ISSN={1053-5888},}

@article{cristea2002conversion,
  title={Conversion of nucleotides sequences into genomic signals},
  author={Cristea, PD},
  journal={Journal of Cellular and Molecular Medicine},
  volume={6},
  number={2},
  pages={279--303},
  year={2002},
  publisher={Wiley Online Library}
}